@article{sunpy,
	title = {{SunPy}â€”Python for solar physics},
	volume = {8},
	issn = {1749-4699},
	doi = {10.1088/1749-4699/8/1/014009},
	pages = {014009},
	number = {1},
	journal= {Computational Science \& Discovery},
	author = {Community, The {SunPy} et al.},
	date = {2015-07-30},
	year = 2015,
}

@article{obspy,
	title = {{ObsPy}: a bridge for seismology into the scientific Python ecosystem},
	volume = {8},
	issn = {1749-4699},
	doi = {10.1088/1749-4699/8/1/014003},
	shorttitle = {{ObsPy}},
	pages = {014003},
	number = {1},
	journal = {Computational Science \& Discovery},
	author = {Krischer, Lion and Megies, Tobias and Barsch, Robert and Beyreuther, Moritz and Lecocq, Thomas and Caudron, Corentin and Wassermann, Joachim},
	date = {2015-05-18},
	year = 2015,
}

@article{astropy,
	title = {Astropy: A community Python package for astronomy},
	volume = {558},
	issn = {0004-6361, 1432-0746},
	doi = {10.1051/0004-6361/201322068},
	shorttitle = {Astropy},
	pages = {A33},
	journal= {Astronomy \& Astrophysics},
	author = {{The Astropy Collaboration} et al.},
	date = {2013-10},
	year = 2013,
}

@misc{metpy,
  author = {May, Ryan and Arms, Sean and Marsh, Patrick and Bruning, Eric and Leeman, John },
  organization = {Unidata},
  title = {MetPy: A {Python} Package for Meteorological Data},
  year = {2008 - 2017},
  version = {0.4.3},
  doi = {10.5065/D6WW7G29},
  url = {https://github.com/Unidata/MetPy},
  address = {Boulder, Colorado}
}

